<?xml version="1.0" encoding="UTF-8"?><collection xmlns="http://www.loc.gov/MARC21/slim"><record><leader>00665nam--2200181-i-4500</leader><controlfield tag="001">000019219</controlfield><controlfield tag="002">20161230</controlfield><controlfield tag="005">20161230201033</controlfield><controlfield tag="008">060222s1000------------r-----000-0-eng-d</controlfield><datafield ind1=" " ind2=" " tag="040"><subfield code="a">IFIN-HH</subfield></datafield><datafield ind1="1" ind2=" " tag="100"><subfield code="a">Fiszdon, W</subfield></datafield><datafield ind1="1" ind2="0" tag="245"><subfield code="a">Fluid dynamics transactions</subfield><subfield code="b">Vol.4</subfield><subfield code="c">W. FISZDON, P. KUCHARZYK, W.J. PROSNAK (Eds.)</subfield></datafield><datafield ind1=" " ind2=" " tag="260"><subfield code="a">Warszawa, Institute Of Fundamental Tehnical Research, 1969</subfield></datafield><datafield ind1=" " ind2=" " tag="300"><subfield code="a">2 vol</subfield></datafield><datafield ind1="1" ind2=" " tag="700"><subfield code="a">Prosnak, W.J</subfield></datafield><datafield ind1="0" ind2=" " tag="787"><subfield code="a">vol. 10</subfield><subfield code="d">Warszawa, 1980</subfield><subfield code="h">249 p</subfield><subfield code="t">Proceedings of the XIVth Symposium on Advanced Problems and Methods in Fluid Mechanics, Blazejewko, Poland, September 3-8, 1979</subfield></datafield><datafield ind1=" " ind2=" " tag="852"><subfield code="a">33870</subfield><subfield code="c">532</subfield></datafield><datafield ind1=" " ind2=" " tag="CAT"><subfield code="a">Sys</subfield><subfield code="c">20100714</subfield><subfield code="h">122923</subfield></datafield></record></collection>